@article{ZhouAndTchelepi,
    author = {Zhou, Hui and Tchelepi, Hamdi A.},
    title = {Operator-Based Multiscale Method for Compressible Flow},
    journal = {SPE Journal},
    volume = {13},
    number = {02},
    pages = {267-273},
    year = {2008},
    month = {06},
    issn = {1086-055X},
    doi = {10.2118/106254-PA},
    url = {https://doi.org/10.2118/106254-PA},
    eprint = {https://onepetro.org/SJ/article-pdf/13/02/267/2102247/spe-106254-pa.pdf},
}

@phdthesis{Zhou,
    author  = {Zhou, Hui},
    title   = {Algebraic Multiscale Finite-Volume Methods for Reservoir Simulation},
    school  = {Stanford University},
    year    = 2010
}

@article{HouAndWu,
    title = {A Multiscale Finite Element Method for Elliptic Problems in Composite Materials and Porous Media},
    journal = {Journal of Computational Physics},
    volume = {134},
    number = {1},
    pages = {169-189},
    year = {1997},
    issn = {0021-9991},
    doi = {https://doi.org/10.1006/jcph.1997.5682},
    url = {https://www.sciencedirect.com/science/article/pii/S0021999197956825},
    author = {Thomas Y. Hou and Xiao-Hui Wu}
}

@article{JennyAndLeeAndTchelepi,
    title = {Multi-scale finite-volume method for elliptic problems in subsurface flow simulation},
    journal = {Journal of Computational Physics},
    volume = {187},
    number = {1},
    pages = {47-67},
    year = {2003},
    issn = {0021-9991},
    doi = {https://doi.org/10.1016/S0021-9991(03)00075-5},
    url = {https://www.sciencedirect.com/science/article/pii/S0021999103000755},
    author = {P Jenny and S.H Lee and H.A Tchelepi},
    keywords = {Subsurface flow, Multi-scale physics, Upscaling, Finite-volume}
}

@article{Souza,
    title = {A Multiscale Control Volume framework using the Multiscale Restriction Smooth Basis and a non-orthodox Multi-Point Flux Approximation for the simulation of two-phase flows on truly unstructured grids},
    journal = {Journal of Petroleum Science and Engineering},
    volume = {188},
    pages = {106851},
    year = {2020},
    issn = {0920-4105},
    doi = {https://doi.org/10.1016/j.petrol.2019.106851},
    url = {https://www.sciencedirect.com/science/article/pii/S0920410519312677},
    author = {Artur Castiel Reis de Souza and Lorena Monteiro Cavalcanti Barbosa and Fernando Raul Licapa Contreras and Paulo Roberto Maciel Lyra and Darlan Karlo Elisiário de Carvalho},
    keywords = {Multiscale Control Volume (MsCV) framework, MsRSB, MPFA-D, Unstructured meshes, Flux correction}
}

@InProceedings{KippeAndArnesAndLie,
    title        = {Multiscale finite-element methods for elliptic problems in porous media flow},
    year         = 2006,
    booktitle    = {Proceedings of the XVI International Conference on computational Methods in Water Resources},
    address      = {Copenhage, Dinamarca},
    month        = 6
}

@article{Scipy,
  author  = {Virtanen, Pauli and Gommers, Ralf and Oliphant, Travis E. and
            Haberland, Matt and Reddy, Tyler and Cournapeau, David and
            Burovski, Evgeni and Peterson, Pearu and Weckesser, Warren and
            Bright, Jonathan and {van der Walt}, St{\'e}fan J. and
            Brett, Matthew and Wilson, Joshua and Millman, K. Jarrod and
            Mayorov, Nikolay and Nelson, Andrew R. J. and Jones, Eric and
            Kern, Robert and Larson, Eric and Carey, C J and
            Polat, {\.I}lhan and Feng, Yu and Moore, Eric W. and
            {VanderPlas}, Jake and Laxalde, Denis and Perktold, Josef and
            Cimrman, Robert and Henriksen, Ian and Quintero, E. A. and
            Harris, Charles R. and Archibald, Anne M. and
            Ribeiro, Ant{\^o}nio H. and Pedregosa, Fabian and
            {van Mulbregt}, Paul and {SciPy 1.0 Contributors}},
  title   = {{{SciPy} 1.0: Fundamental Algorithms for Scientific
            Computing in Python}},
  journal = {Nature Methods},
  year    = {2020},
  volume  = {17},
  pages   = {261--272},
  adsurl  = {https://rdcu.be/b08Wh},
  doi     = {10.1038/s41592-019-0686-2},
}

@article{Numpy,
  author  = {Harris, Charles R. and Millman, K. Jarrod and
            van der Walt, Stéfan J and Gommers, Ralf and
            Virtanen, Pauli and Cournapeau, David and
            Wieser, Eric and Taylor, Julian and Berg, Sebastian and
            Smith, Nathaniel J. and Kern, Robert and Picus, Matti and
            Hoyer, Stephan and van Kerkwijk, Marten H. and
            Brett, Matthew and Haldane, Allan and
            Fernández del Río, Jaime and Wiebe, Mark and
            Peterson, Pearu and Gérard-Marchant, Pierre and
            Sheppard, Kevin and Reddy, Tyler and Weckesser, Warren and
            Abbasi, Hameer and Gohlke, Christoph and
            Oliphant, Travis E.},
  title   = {Array programming with {NumPy}},
  journal = {Nature},
  year    = {2020},
  volume  = {585},
  pages   = {357–362},
  doi     = {10.1038/s41586-020-2649-2}
}

@misc{Impress,
  title        = "IMPRESS: Intuitive Multilevel Preprocessor for Smart Simulation",
  author       = "{de Souza}, Artur Castiel Reis",
  year = 2020,
  howpublished = {Disponível em \url{https://github.com/padmec-reservoir/impress}}
}

@techreport{MoabReport,
  author = {Tautges, T. J. and Meyers, R. and Merkley, K. and Stimpson, C. and Ernst, C.},
  type = {{SAND2004-1592}},
  title = {{MOAB:} A Mesh-Oriented Database},
  institution = {Sandia National Laboratories},
  month = apr,
  year = {2004},
  note = {Report}
}

@misc{MoabPaper,
  author       = {Mahadevan, Vijay and Grindeanu, Iulian and Jain, Rajeev and Shriwise, Patrick and Wilson, Paul},
  title        = {{MOAB v5.2.1}},
  month        = aug,
  year         = 2020,
  publisher    = {Zenodo},
  version      = {5.2.1},
  doi          = {10.5281/zenodo.2584862},
  howpublished          = {Disponível em: \url{https://doi.org/10.5281/zenodo.2584862}}
}

@masterthesis{Olav,
  author  = {Olav M{\o}yner},
  title   = {Multiscale Finite Volume Methods: Extension to Unstructured Grids with Applications in Reservoir Simulation},
  school  = "Norwegian University of Science and Technology",
  year    = 2012,
  address = "Trondheim, Noruega",
  month   = nov,
  note = "Dissertação de mestrado"
}

@misc{IBMBillion,
  author       = "Aaron Tilley",
  title        = "IBM-Nvidia Servers Achieve High-Performance Computing Milestone In Oil Industry",
  howpublished = {Disponível em: https://www.forbes.com/sites/aarontilley/2017/04/25/ibm-nvidia-servers-achieve-high-performance-computing-milestone-in-oil-industry/?sh=742bd31f2633},
  note = {Acesso em: 18 set. 2021}
}
